<?xml version="1.0" encoding="UTF-8"?><collection xmlns="http://www.loc.gov/MARC21/slim"><record><leader>00525nam--2200169-i-4500</leader><controlfield tag="001">000036105</controlfield><controlfield tag="002">20161230</controlfield><controlfield tag="005">20161230201040</controlfield><controlfield tag="008">060222s1000------------r-----000-0-eng-d</controlfield><datafield ind1=" " ind2=" " tag="040"><subfield code="a">IFIN-HH</subfield></datafield><datafield ind1=" " ind2=" " tag="080"><subfield code="a">015:535.33-1:546.264</subfield></datafield><datafield ind1="1" ind2=" " tag="100"><subfield code="a">Oberly, Ralph Edwin</subfield></datafield><datafield ind1="1" ind2="0" tag="245"><subfield code="a">High resolution infrared spectra of some isotopic species of carbon dioxide</subfield><subfield code="b">Dissertation</subfield><subfield code="c">Ralph edwin oberly</subfield></datafield><datafield ind1=" " ind2=" " tag="260"><subfield code="a">An Arbor</subfield><subfield code="b">Michigan, Univirsity Microfilms</subfield><subfield code="c">1970</subfield></datafield><datafield ind1=" " ind2=" " tag="300"><subfield code="a">140P</subfield></datafield><datafield ind1=" " ind2=" " tag="852"><subfield code="a">37817</subfield><subfield code="c">535.33</subfield></datafield><datafield ind1=" " ind2=" " tag="CAT"><subfield code="a">Sys</subfield><subfield code="c">20101206</subfield><subfield code="h">123040</subfield></datafield></record></collection>